@book{Nocedal2006Numerical,
  abstract = {{'Numerical Optimization' presents a comprehensive description of the effective methods in continuous optimization. The book includes chapters on nonlinear interior methods \& derivative-free methods for optimization. It is useful for graduate students, researchers and practitioners.}},
  added-at = {2019-03-01T00:11:50.000+0100},
  address = {New York},
  author = {Nocedal, Jorge and Wright, Stephen J.},
  biburl = {https://www.bibsonomy.org/bibtex/255a7423ee5e49aab708f02f70fd05790/gdmcbain},
  citeulike-article-id = {11101848},
  citeulike-linkout-0 = {http://dx.doi.org/10.1007/978-0-387-40065-5},
  citeulike-linkout-1 = {http://www.worldcat.org/isbn/9780387303031},
  citeulike-linkout-2 = {http://books.google.com/books?vid=ISBN9780387303031},
  citeulike-linkout-3 = {http://www.amazon.com/gp/search?keywords=9780387303031\&index=books\&linkCode=qs},
  citeulike-linkout-4 = {http://www.librarything.com/isbn/9780387303031},
  citeulike-linkout-5 = {http://www.worldcat.org/oclc/209918411},
  comment = {(private-note)`For line search (and optimization-based methods in general), I really like [\~{}]' (Paul T. Bauman, libmesh-users 2012-08-21)},
  doi = {10.1007/978-0-387-40065-5},
  edition = 2,
  interhash = {22a7fec4243462045dfaabf3a92ff93f},
  intrahash = {55a7423ee5e49aab708f02f70fd05790},
  isbn = {9780387303031},
  issn = {1431-8598},
  keywords = {65k10-numerical-analysis-optimization-and-variational-techniques},
  posted-at = {2012-08-21 16:03:32},
  priority = {2},
  publisher = {Springer},
  series = {Springer Series in Operations Research and Financial Engineering},
  timestamp = {2019-03-01T00:11:50.000+0100},
  title = {{Numerical Optimization}},
  url = {http://dx.doi.org/10.1007/978-0-387-40065-5},
  year = 2006
}


@book{compstat,
    author = {Geof H. Givens and Jennifer A. Hoeting},
    title = {{Computational Statistics}},
    edition=2,
    publisher = {}
}

@book{mhj,
    author = {Morten H. Jensen},
    title = {{Computational Physics}},
    year = 2015
}